|0000|011|0|01012024|31012024|EMPRESA COMERCIAL LTDA|12345678000190||SP|123456789|3550308|98765||A|1|
|0001|0|
|0005|EMPRESA COMERCIAL LTDA|12345678000190|RUA EXEMPLO|123||CENTRO|SAO PAULO|SP|01310100||
|0990|3|
|C001|0|
|C100|1|0|CLIENTE001|55|00|001|000001|35240112345678000190550010000001234567890000|01012024|01012024|12000,00|0|500,00||11500,00|0|0,00|0,00|0,00|10000,00|1200,00|0,00|0,00|0,00|0,00|0,00|0,00|0,00|
|C170|1|PROD001|Produto A - Cabos USB|10,000|UN|1000,00|0,00|0|000|5101||10000,00|12,00|1200,00|0,00|0,00|0,00|0|50|001|0,00|0,00|0,00|01|10000,00|0,0165||165,00|01|10000,00|0,0760||760,00||
|C190|000|5101|10000,00|1200,00|0,00|0,00|0,00||
|C100|1|0|CLIENTE002|55|00|001|000002|35240112345678000190550010000002234567890000|05012024|05012024|8000,00|0|0,00||8000,00|0|0,00|0,00|0,00|8000,00|960,00|0,00|0,00|0,00|0,00|0,00|0,00|0,00|
|C170|1|PROD002|Produto B - Carregadores|20,000|UN|400,00|0,00|0|000|5101||8000,00|12,00|960,00|0,00|0,00|0,00|0|50|001|0,00|0,00|0,00|01|8000,00|0,0165||132,00|01|8000,00|0,0760||608,00||
|C190|000|5101|8000,00|960,00|0,00|0,00|0,00||
|C100|1|0|CLIENTE003|55|00|001|000003|35240112345678000190550010000003234567890000|10012024|10012024|5000,00|0|0,00||5000,00|0|0,00|0,00|0,00|5000,00|600,00|0,00|0,00|0,00|0,00|0,00|0,00|0,00|
|C170|1|PROD001|Produto A - Cabos USB|5,000|UN|1000,00|0,00|0|000|5101||5000,00|12,00|600,00|0,00|0,00|0,00|0|50|001|0,00|0,00|0,00|01|5000,00|0,0165||82,50|01|5000,00|0,0760||380,00||
|C190|000|5101|5000,00|600,00|0,00|0,00|0,00||
|C100|0|1|FORNEC001|55|00|001|000101|35240187654321000100550010000001018765432100|03012024|03012024|10000,00|0|0,00||10000,00|0|0,00|0,00|0,00|10000,00|1200,00|0,00|0,00|0,00|0,00|0,00|0,00|0,00|
|C170|1|PROD003|Materia Prima C - Plastico|100,000|KG|100,00|0,00|0|000|1101||10000,00|12,00|1200,00|0,00|0,00|0,00|0|50|001|0,00|0,00|0,00|49|0,00|0,0000||0,00|49|0,00|0,0000||0,00||
|C190|000|1101|10000,00|1200,00|0,00|0,00|0,00||
|C100|0|1|FORNEC002|55|00|001|000102|35240176543210000200550010000001027654321000|15012024|15012024|5000,00|0|0,00||5000,00|0|0,00|0,00|0,00|5000,00|600,00|0,00|0,00|0,00|0,00|0,00|0,00|0,00|
|C170|1|PROD004|Embalagem D - Caixas|500,000|UN|10,00|0,00|0|000|1101||5000,00|12,00|600,00|0,00|0,00|0,00|0|50|001|0,00|0,00|0,00|49|0,00|0,0000||0,00|49|0,00|0,0000||0,00||
|C190|000|1101|5000,00|600,00|0,00|0,00|0,00||
|C990|14|
|E001|0|
|E100|01012024|31012024|
|E110|2760,00|0,00|2760,00|0,00|1800,00|100,00|1900,00|0,00|0,00|860,00|0,00|860,00|0,00|0,00|
|E111|SP10000001|Credito outorgado - supermercado|100,00|
|E990|4|
|9001|0|
|9900|0000|1|
|9900|C100|5|
|9900|C170|5|
|9900|C190|5|
|9900|E110|1|
|9900|E111|1|
|9990|8|
|9999|36|
